

@article{Siepel2004,
author = "Siepel, Adam and Haussler, David",
title = "Combining phylogenetic and hidden Markov models in biosequence analysis",
journal = "J Comput Biol. ",
volume = " 11",
number = " 2-3",
pages =" 413 -- 28 ",
year = " 2004",
month = " March"
}



@article{Meng1993,
author = "Meng, X.-L. and Rubin, D. B.",
title = "Maximum likelihood estimation via the ECM algorithm: A general framework.",
journal = "Biometrika",
volume = " 80",
pages =" 267 -- 278 ",
year = " 1993",
}


@article{Camin1965,
author = "Camin, J.H. and Sokal, R.R. ",
title = "A Method for Deducing Branching Sequences in Phylogeny. ",
journal = "Evolution",
volume = " 19",
pages =" 311 -- 326 ",
year = " 1965",
}
 

@article{Felsenstein1978,
author = "Felsenstein, J.",
title = "Cases in which Parsimony or Compatibility Methods Will be Positively Misleading.",
journal = "Systematic Zoology",
volume = " 27",
pages =" 401 -- 410 ",
year = " 1978",
}
 
@article{Felsenstein1981,
author = "Felsenstein, J.",
title = "Evolutionary trees from DNA sequences: a maximum likelihood approach.",
journal = " J. Mol. Evol. ",
volume = " 17",
pages =" 368 -- 376 ",
year = " 1981",
}



@article{Siepel2003,
author = "Siepel, A. and Haussler, D.",
title = "Combining phylogenetic and hidden Markov models in biosequence analysis. ",
journal = "Proceedings of the Seventh Annual International Conference on Research in Computational Molecular Biology, (New York, NY, USA: ACM)",
pages =" 277 -- 286 ",
year = " 2003",
}

@article{jensen2000probabilistic,
  title={{Probabilistic models of DNA sequence evolution with context dependent rates of substitution}},
  author={Jensen, Jens Ledet and Pedersen, Anne-Mette Krabbe},
  journal={Advances in Applied Probability},
  volume={32},
  number={2},
  pages={499--517},
  year={2000},
  publisher={Cambridge University Press}
}


@article{hobolth2009simulation,
  title={Simulation from endpoint-conditioned, continuous-time Markov chains on a finite state space, with applications to molecular evolution},
  author={Hobolth, Asger and Stone, Eric A},
  journal={The annals of applied statistics},
  volume={3},
  number={3},
  pages={1204},
  year={2009},
  publisher={NIH Public Access}
}

@article{martin2005diverse,
  title={The diverse functions of histone lysine methylation},
  author={Martin, Cyrus and Zhang, Yi},
  journal={Nature reviews Molecular cell biology},
  volume={6},
  number={11},
  pages={838},
  year={2005},
  publisher={Nature Publishing Group}
}


@article{santos2002active,
  title={Active genes are tri-methylated at K4 of histone H3},
  author={Santos-Rosa, Helena and Schneider, Robert and Bannister, Andrew J and Sherriff, Julia and Bernstein, Bradley E and Emre, NC Tolga and Schreiber, Stuart L and Mellor, Jane and Kouzarides, Tony},
  journal={Nature},
  volume={419},
  number={6905},
  pages={407},
  year={2002},
  publisher={Nature Publishing Group}
}

@article{bernstein2007mammalian,
  title={The mammalian epigenome},
  author={Bernstein, Bradley E and Meissner, Alexander and Lander, Eric S},
  journal={Cell},
  volume={128},
  number={4},
  pages={669--681},
  year={2007},
  publisher={Elsevier}
}


@article{pedersen1998codon,
  title={A codon-based model designed to describe lentiviral evolution.},
  author={Pedersen, AK and Wiuf, Carsten and Christiansen, Freddy B},
  journal={Molecular biology and evolution},
  volume={15},
  number={8},
  pages={1069--1081},
  year={1998}
}

@article{nakayama2001role,
  title={Role of histone H3 lysine 9 methylation in epigenetic control of heterochromatin assembly},
  author={Nakayama, Jun-ichi and Rice, Judd C and Strahl, Brian D and Allis, C David and Grewal, Shiv IS},
  journal={Science},
  volume={292},
  number={5514},
  pages={110--113},
  year={2001},
  publisher={American Association for the Advancement of Science}
}

@book{koller2009probabilistic,
  title={Probabilistic graphical models: principles and techniques},
  author={Koller, Daphne and Friedman, Nir},
  year={2009},
  publisher={MIT press}
}
